<?xml version="1.0" encoding="utf-8"?>
<record xmlns="http://www.loc.gov/MARC21/slim" xmlns:xsi="http://www.w3.org/2001/XMLSchema-instance" xsi:schemaLocation="http://www.loc.gov/MARC21/slim http://www.loc.gov/standards/marcxml/schema/MARC21slim.xsd">
	<leader>     nam a22        4500</leader>
	<controlfield tag="001">b12620300</controlfield>
	<controlfield tag="003">LeBAU</controlfield>
	<controlfield tag="006">m        d        </controlfield>
	<controlfield tag="007">cr cn |||m|||a</controlfield>
	<controlfield tag="008">170830s1904    ua      o     ||0 f ara d</controlfield>
	<datafield ind1=" " ind2=" " tag="040">
		<subfield code="a">NNU</subfield>
		<subfield code="b">ara</subfield>
		<subfield code="e">rda</subfield>
		<subfield code="c">NNU</subfield>
	</datafield>
	<datafield ind1=" " ind2="4" tag="050">
		<subfield code="a">PJ7876.A9</subfield>
		<subfield code="b">S4 1904</subfield>
	</datafield>
	<datafield ind1="0" ind2="4" tag="082">
		<subfield code="a">892.78</subfield>
		<subfield code="2">23</subfield>
	</datafield>
	<datafield ind1="1" ind2=" " tag="100">
		<subfield code="6">880-01</subfield>
		<subfield code="a">Zaydān, Jirjī,</subfield>
		<subfield code="d">1861-1914,</subfield>
		<subfield code="e">author.</subfield>
	</datafield>
	<datafield ind1="1" ind2="0" tag="245">
		<subfield code="6">880-02</subfield>
		<subfield code="a">Shārl wa ʻAbd al-Raḥmān :</subfield>
		<subfield code="b">riwāyah tarīkhīyah gharamīyah /</subfield>
		<subfield code="c">ta’līf Jirjī Zaydān, munshi’ al-Hilāl.</subfield>
	</datafield>
	<datafield ind1=" " ind2="1" tag="264">
		<subfield code="6">880-03</subfield>
		<subfield code="a">Miṣr :</subfield>
		<subfield code="b">Maṭba‘at al-Hilāl,</subfield>
		<subfield code="c">1904.</subfield>
	</datafield>
	<datafield ind1=" " ind2=" " tag="300">
		<subfield code="6">880-04</subfield>
		<subfield code="a">online resource (196 pages)</subfield>
	</datafield>
	<datafield ind1=" " ind2=" " tag="336">
		<subfield code="a">text</subfield>
		<subfield code="2">rdacontent</subfield>
	</datafield>
	<datafield ind1=" " ind2=" " tag="337">
		<subfield code="a">computer</subfield>
		<subfield code="2">rdamedia</subfield>
	</datafield>
	<datafield ind1=" " ind2=" " tag="338">
		<subfield code="a">online resource</subfield>
		<subfield code="2">rdacarrier</subfield>
	</datafield>
	<datafield ind1="1" ind2=" " tag="490">
		<subfield code="6">880-05</subfield>
		<subfield code="a">Riwāyāt tārīkh al-Islām ;</subfield>
		<subfield code="v">al-ḥalaqah al-thāminah</subfield>
	</datafield>
	<datafield ind1=" " ind2=" " tag="500">
		<subfield code="a">Part of the Arabic Collections Online (ACO) project, contributed by American University of Beirut's Jafet Memorial Library.</subfield>
	</datafield>
	<datafield ind1=" " ind2=" " tag="533">
		<subfield code="a">Electronic reproduction.</subfield>
		<subfield code="b">New York, N.Y. :</subfield>
		<subfield code="c">New York University,</subfield>
		<subfield code="d">2017.</subfield>
		<subfield code="5">NNU</subfield>
	</datafield>
	<datafield ind1="0" ind2="0" tag="600">
		<subfield code="6">880-06</subfield>
		<subfield code="a">Charles Martel,</subfield>
		<subfield code="d">approximately 688-741</subfield>
		<subfield code="v">Fiction.</subfield>
	</datafield>
	<datafield ind1="0" ind2="0" tag="600">
		<subfield code="6">880-07</subfield>
		<subfield code="a">ʻAbd al-Raḥmān</subfield>
		<subfield code="b">I,</subfield>
		<subfield code="c">Caliph of Cordova,</subfield>
		<subfield code="d">731-787 or 788</subfield>
		<subfield code="v">Fiction.</subfield>
	</datafield>
	<datafield ind1=" " ind2="0" tag="650">
		<subfield code="6">880-08</subfield>
		<subfield code="a">Tours, Battle of, France, 732</subfield>
		<subfield code="v">Fiction.</subfield>
	</datafield>
	<datafield ind1=" " ind2="0" tag="651">
		<subfield code="6">880-09</subfield>
		<subfield code="a">France</subfield>
		<subfield code="v">Fiction.</subfield>
	</datafield>
	<datafield ind1=" " ind2="0" tag="651">
		<subfield code="6">880-10</subfield>
		<subfield code="a">Islamic Empire</subfield>
		<subfield code="x">History</subfield>
		<subfield code="y">661-750</subfield>
		<subfield code="v">Fiction.</subfield>
	</datafield>
	<datafield ind1="2" ind2=" " tag="710">
		<subfield code="a">Jafet Memorial Library.</subfield>
	</datafield>
	<datafield ind1="0" ind2=" " tag="730">
		<subfield code="a">Arabic Collections Online.</subfield>
	</datafield>
	<datafield ind1="0" ind2=" " tag="767">
		<subfield code="6">880-11</subfield>
		<subfield code="a">Translated as (work):</subfield>
		<subfield code="t">The battle of Poitiers : Charles Martel and Abd al-Rahman</subfield>
		<subfield code="d">Bethesda, MD : Zaidan Foundation, c2011</subfield>
		<subfield code="w">b17556478</subfield>
		<subfield code="w">(OCoLC)799044279</subfield>
	</datafield>
	<datafield ind1="0" ind2=" " tag="775">
		<subfield code="6">880-12</subfield>
		<subfield code="t">Shārl wa ʻAbd al-Raḥmān</subfield>
		<subfield code="d">Miṣr : Dār al-Hilāl, [1965?]</subfield>
		<subfield code="w">(OCoLC)784540685</subfield>
		<subfield code="w">(OCoLC)784540685</subfield>
	</datafield>
	<datafield ind1="0" ind2=" " tag="775">
		<subfield code="6">880-13</subfield>
		<subfield code="t">Shārl wa ʻAbd al-Raḥmān, aw, qā’id al-Fursān</subfield>
		<subfield code="d">Miṣr : Dār al-Hilāl, [between 1900 and 1990]</subfield>
		<subfield code="w">(OCoLC)784530383</subfield>
		<subfield code="w">(OCoLC)784530383</subfield>
	</datafield>
	<datafield ind1="0" ind2=" " tag="775">
		<subfield code="6">880-14</subfield>
		<subfield code="t">Shārl wa ʻAbd al-Raḥmān...</subfield>
		<subfield code="d">Bayrūt : al-Maktabah al-adabīyah, [19-?]</subfield>
		<subfield code="w">(OCoLC)784430384</subfield>
		<subfield code="w">(OCoLC)784430384</subfield>
	</datafield>
	<datafield ind1="0" ind2="8" tag="776">
		<subfield code="i">Print version:</subfield>
		<subfield code="a">Zaydān, Jirjī, 1861-1914, author.</subfield>
		<subfield code="t">Shārl wa ʻAbd al-Raḥmān</subfield>
		<subfield code="w">(LeBAU)b12620300</subfield>
	</datafield>
	<datafield ind1="0" ind2=" " tag="787">
		<subfield code="6">880-15</subfield>
		<subfield code="i">Contained in (work):</subfield>
		<subfield code="t">al-Ḥajjāj bin Yūsuf...</subfield>
		<subfield code="d">Miṣr : Dār al-Hīlāl, [between 1900 and 1999]</subfield>
		<subfield code="w">b18280730</subfield>
	</datafield>
	<datafield ind1=" " ind2="0" tag="830">
		<subfield code="6">880-16</subfield>
		<subfield code="a">Riwāyāt tārīkh al-Islām ;</subfield>
		<subfield code="v">8.</subfield>
	</datafield>
	<datafield ind1="4" ind2="0" tag="856">
		<subfield code="u">http://hdl.handle.net/2333.1/vhhmgwjk</subfield>
	</datafield>
	<datafield ind1="1" ind2=" " tag="880">
		<subfield code="6">100-01</subfield>
		<subfield code="a">زيدان، جرجي،</subfield>
		<subfield code="d">1861-1914،</subfield>
		<subfield code="e">مؤلف.</subfield>
		<subfield code="4">aut.</subfield>
	</datafield>
	<datafield ind1="1" ind2="0" tag="880">
		<subfield code="6">245-02</subfield>
		<subfield code="a">شارل وعبد الرحمن :</subfield>
		<subfield code="b">رواية تاريخية غرامية /</subfield>
		<subfield code="c">تأليف جرجي زيدان، منشىء الهلال.</subfield>
	</datafield>
	<datafield ind1=" " ind2="1" tag="880">
		<subfield code="6">264-03</subfield>
		<subfield code="a">مصر :</subfield>
		<subfield code="b">مطبعة الهلال،</subfield>
		<subfield code="c">1904.</subfield>
	</datafield>
	<datafield ind1=" " ind2=" " tag="880">
		<subfield code="6">300-04</subfield>
		<subfield code="a">196 صفحة ؛</subfield>
		<subfield code="c">24 سم.</subfield>
	</datafield>
	<datafield ind1="1" ind2=" " tag="880">
		<subfield code="6">490-05</subfield>
		<subfield code="a">روايات تاريخ الاسلام ؛</subfield>
		<subfield code="v">الحلقة الثامنة</subfield>
	</datafield>
	<datafield ind1=" " ind2=" " tag="880">
		<subfield code="6">500-00</subfield>
		<subfield code="a">&quot;تتضمن فتوح العرب في بلاد فرنسا إلى ضفاف نهر لوار بجوار تورس، وما كان من تكاتف الإفرنج هناك على دفعهم بقيادة شارل مارتل والأسباب التي دعت إلى فشل العرب ونجاة أوربا منهم.&quot;</subfield>
	</datafield>
	<datafield ind1="0" ind2="4" tag="880">
		<subfield code="6">600-06</subfield>
		<subfield code="a">شارلز، مارتيل،</subfield>
		<subfield code="d">حوالى 688-741</subfield>
		<subfield code="v">قصة.</subfield>
	</datafield>
	<datafield ind1="0" ind2="4" tag="880">
		<subfield code="6">600-07</subfield>
		<subfield code="a">عبد الرحمن</subfield>
		<subfield code="b">الاول،</subfield>
		<subfield code="c">خليفة قرطبة،</subfield>
		<subfield code="d">731-787 او 788</subfield>
		<subfield code="v">قصة.</subfield>
	</datafield>
	<datafield ind1=" " ind2="4" tag="880">
		<subfield code="6">650-08</subfield>
		<subfield code="a">معركة تورس، فرنسا،732</subfield>
		<subfield code="v">قصة.</subfield>
	</datafield>
	<datafield ind1=" " ind2="4" tag="880">
		<subfield code="6">651-09</subfield>
		<subfield code="a">فرنسا</subfield>
		<subfield code="v">قصة.</subfield>
	</datafield>
	<datafield ind1=" " ind2="4" tag="880">
		<subfield code="6">651-10</subfield>
		<subfield code="a">الامبراطورية الاسلامية</subfield>
		<subfield code="x">تاريخ</subfield>
		<subfield code="y">661-750</subfield>
		<subfield code="v">قصة.</subfield>
	</datafield>
	<datafield ind1="0" ind2=" " tag="880">
		<subfield code="6">767-11</subfield>
		<subfield code="i">مترجم الى (عمل):</subfield>
		<subfield code="t">The battle of Poitiers : Charles Martel and Abd al-Rahman</subfield>
		<subfield code="d">Bethesda, MD : Zaidan Foundation, c2011</subfield>
		<subfield code="w">(OCoLC)799044279</subfield>
		<subfield code="w">(OCoLC)799044279</subfield>
		<subfield code="a">Translated as (work):</subfield>
	</datafield>
	<datafield ind1="0" ind2=" " tag="880">
		<subfield code="6">775-12</subfield>
		<subfield code="t">شارل وعبد الرحمن</subfield>
		<subfield code="d">مصر : دار الهلال، [1965؟]</subfield>
		<subfield code="w">b13196583</subfield>
		<subfield code="w">(OCoLC)784540685</subfield>
	</datafield>
	<datafield ind1="0" ind2=" " tag="880">
		<subfield code="6">775-13</subfield>
		<subfield code="t">شارل وعبد الرحمن، او، قائد الفرسان</subfield>
		<subfield code="d">مصر : دار الهلال، [ما بين 1900 و 1990]</subfield>
		<subfield code="w">b12981199</subfield>
		<subfield code="w">(OCoLC)784530383</subfield>
	</datafield>
	<datafield ind1="0" ind2=" " tag="880">
		<subfield code="6">775-14</subfield>
		<subfield code="t">شارل وعبد الرحمن...</subfield>
		<subfield code="d">بيروت : المكتبة الأدبية، [19-؟]</subfield>
		<subfield code="w">b12620312</subfield>
		<subfield code="w">(OCoLC)784430384</subfield>
	</datafield>
	<datafield ind1="0" ind2=" " tag="880">
		<subfield code="6">787-15</subfield>
		<subfield code="i">متضمن في (عمل):</subfield>
		<subfield code="t">الحجاج بن يوسف...</subfield>
		<subfield code="d">مصر : دار الهلال، [ما بين 1900 و 1990]</subfield>
		<subfield code="w">b18280730</subfield>
	</datafield>
	<datafield ind1=" " ind2="0" tag="880">
		<subfield code="6">830-16</subfield>
		<subfield code="a">روايات تاريخ الاسلام ؛</subfield>
		<subfield code="v">8.</subfield>
	</datafield>
	<datafield ind1=" " ind2=" " tag="959">
		<subfield code="a">NNU</subfield>
		<subfield code="b">WEB</subfield>
		<subfield code="c">GENI</subfield>
		<subfield code="t">0</subfield>
		<subfield code="m">Electronic access</subfield>
		<subfield code="s">01</subfield>
	</datafield>
	<datafield ind1=" " ind2=" " tag="999">
		<subfield code="i">LeBAU_b12620300</subfield>
		<subfield code="s">aub_aco001049</subfield>
		<subfield code="e">(ERROR-MISC)</subfield>
		<subfield code="s">aub_aco001049</subfield>
	</datafield>
</record>
